@article{chatterjee2020neural,
  author = {Chatterjee, Avhishek and Varshney, Lav R.},
  title = {Coherent Gradients: An Approach to Understanding Generalization in Gradient Descent-Trained Neural Networks},
  journal = {arXiv preprint arXiv:2002.10657},
  year = {2020}
}

@article{pham2022path,
  author = {Pham, Hieu and others},
  title = {Analyzing Generalization of Neural Networks through Loss Path Kernels},
  journal = {Advances in Neural Information Processing Systems},
  year = {2022}
}

@article{lakshminarayanan2020neural,
  author = {Lakshminarayanan, Chandrashekar and Singh, Amit Vikram},
  title = {Neural Path Features and Neural Path Kernel: Understanding the role of gates in deep learning},
  journal = {arXiv preprint arXiv:2006.10529},
  year = {2020}
}

@article{pilanci2023path,
  author = {Ergen, Tolga and Pilanci, Mert},
  title = {Path Regularization: Convexity and Sparsity Inducing Regularization for Parallel ReLU Networks},
  journal = {Advances in Neural Information Processing Systems},
  year = {2023}
}